<record><leader>00000cas a22000007a 4500</leader><controlfield tag="001">9633353</controlfield><controlfield tag="008">830622d19011914ohuwr ne      0    0eng d</controlfield><datafield ind1=" " ind2=" " tag="010"><subfield code="a">sn 83035255 </subfield></datafield><datafield ind1=" " ind2=" " tag="040"><subfield code="a">NPY</subfield><subfield code="b">eng</subfield><subfield code="c">NPY</subfield><subfield code="d">ONP</subfield><subfield code="d">OCLCQ</subfield></datafield><datafield ind1=" " ind2=" " tag="042"><subfield code="a">msc</subfield></datafield><datafield ind1="0" ind2=" " tag="130"><subfield code="a">News-letter (Orwell, Ohio : 1901)</subfield></datafield><datafield ind1="1" ind2="4" tag="245"><subfield code="a">The News-letter.</subfield></datafield><datafield ind1=" " ind2=" " tag="260"><subfield code="a">Orwell, Ashtabula County, Ohio :</subfield><subfield code="b">Hal W. Olds,</subfield><subfield code="c">-1914.</subfield></datafield><datafield ind1=" " ind2=" " tag="300"><subfield code="a">v.</subfield></datafield><datafield ind1=" " ind2=" " tag="310"><subfield code="a">Weekly</subfield></datafield><datafield ind1="0" ind2=" " tag="362"><subfield code="a">-no. 1256 (Oct. 7, 1914).</subfield></datafield><datafield ind1=" " ind2=" " tag="500"><subfield code="a">Special "Home-coming edition" published Aug. 8, 1914.</subfield></datafield><datafield ind1=" " ind2=" " tag="500"><subfield code="a">Editor: Hal W. Olds, &lt;1901&gt;-1914.</subfield></datafield><datafield ind1=" " ind2=" " tag="588"><subfield code="a">Description based on: No. 549 (Feb. 20, 1901).</subfield></datafield><datafield ind1=" " ind2=" " tag="752"><subfield code="a">United States</subfield><subfield code="b">Ohio</subfield><subfield code="c">Ashtabula</subfield><subfield code="d">Orwell.</subfield></datafield><datafield ind1="0" ind2="0" tag="780"><subfield code="t">Orwell news-letter (Orwell, Ohio : 1894)</subfield><subfield code="w">(DLC)sn 90068343</subfield></datafield><datafield ind1="0" ind2="0" tag="785"><subfield code="t">Orwell news-letter</subfield><subfield code="w">(DLC)sn 83035256</subfield></datafield></record>